@inproceedings{DBLP:conf/fmco/JohnsenHSSS10,
  author    = {Einar Broch Johnsen and
               Reiner H{\"{a}}hnle and
               Jan Sch{\"{a}}fer and
               Rudolf Schlatte and
               Martin Steffen},
  editor    = {Bernhard K. Aichernig and
               Frank S. de Boer and
               Marcello M. Bonsangue},
  title     = {{ABS:} {A} Core Language for Abstract Behavioral Specification},
  booktitle = {Formal Methods for Components and Objects - 9th International Symposium,
               {FMCO} 2010, Graz, Austria, November 29 - December 1, 2010. Revised
               Papers},
  series    = {Lecture Notes in Computer Science},
  volume    = {6957},
  pages     = {142--164},
  publisher = {Springer},
  year      = {2010},
  url       = {https://doi.org/10.1007/978-3-642-25271-6\_8},
  doi       = {10.1007/978-3-642-25271-6\_8},
  timestamp = {Tue, 14 May 2019 10:00:53 +0200},
  biburl    = {https://dblp.org/rec/conf/fmco/JohnsenHSSS10.bib},
  bibsource = {dblp computer science bibliography, https://dblp.org}
}

@book{Fowler1999,
  added-at = {2007-09-26T23:42:13.000+0200},
  address = {Boston, MA, USA},
  author = {Fowler, Martin},
  biburl = {https://www.bibsonomy.org/bibtex/27151885e8b8528651e048242f3527132/kimmens},
  description = {AOEvolutionchapter short paper},
  interhash = {955b704413985c65e6a0ba497d70b00e},
  intrahash = {7151885e8b8528651e048242f3527132},
  isbn = {0-201-48567-2},
  keywords = {evolution refactoring software},
  publisher = {Addison-Wesley},
  timestamp = {2007-09-26T23:42:13.000+0200},
  title = {Refactoring: Improving the Design of Existing Code},
  year = 1999
}

@misc{xtext, 
title={Xtext}, 
howpublished={\url{https://www.eclipse.org/Xtext/}},
author={Eclipse},
year = {2021},
journal={Xtext - Language Engineering Made Easy!}} 
 
@misc{lsp, title={Language Server Protocol}, 
howpublished={\url{https://microsoft.github.io/language-server-protocol/}}, 
author={Microsoft},
year = {2020},
journal={Official page for Language Server Protocol}} 


@article{DBLP:journals/sttt/ClarkeGMP99,
  author    = {Edmund M. Clarke and
               Orna Grumberg and
               Marius Minea and
               Doron A. Peled},
  title     = {State Space Reduction Using Partial Order Techniques},
  journal   = {{STTT}},
  volume    = {2},
  number    = {3},
  pages     = {279--287},
  year      = {1999},
  url       = {https://doi.org/10.1007/s100090050035},
  doi       = {10.1007/s100090050035},
  timestamp = {Thu, 18 May 2017 09:53:11 +0200},
  biburl    = {http://dblp.org/rec/bib/journals/sttt/ClarkeGMP99},
  bibsource = {dblp computer science bibliography, http://dblp.org}
}

@article{DBLP:journals/jacm/AbdullaAJS17,
  author    = {Parosh Aziz Abdulla and
               Stavros Aronis and
               Bengt Jonsson and
               Konstantinos Sagonas},
  title     = {Source Sets: {A} Foundation for Optimal Dynamic Partial Order Reduction},
  journal   = {J. {ACM}},
  volume    = {64},
  number    = {4},
  pages     = {25:1--25:49},
  year      = {2017},
  url       = {http://doi.acm.org/10.1145/3073408},
  doi       = {10.1145/3073408},
  timestamp = {Fri, 22 Sep 2017 16:30:11 +0200},
  biburl    = {http://dblp.org/rec/bib/journals/jacm/AbdullaAJS17},
  bibsource = {dblp computer science bibliography, http://dblp.org}
}

@article{DBLP:journals/jlp/JohnsenST15,
  author       = {Einar Broch Johnsen and Rudolf Schlatte and Silvia Lizeth
                  Tapia Tarifa},
  title        = {Integrating deployment architectures and resource consumption
                  in timed object-oriented models},
  year         = 2015,
  volume       = 84,
  number       = 1,
  pages        = {67-91},
  doi          = {10.1016/j.jlamp.2014.07.001},
  url          = {https://doi.org/10.1016/j.jlamp.2014.07.001},
  journal      = {J. Log. Algebr. Meth. Program.},
  timestamp    = {Sun, 28 May 2017 13:17:34 +0200},
  biburl       = {http://dblp.dagstuhl.de/rec/bib/journals/jlp/JohnsenST15},
  bibsource    = {dblp computer science bibliography, http://dblp.org}
}

@inproceedings{DBLP:conf/forte/AlbertAG14,
  author =        {Elvira Albert and Puri Arenas and
                   Miguel G{\'{o}}mez{-}Zamalloa},
  booktitle =     {Formal Techniques for Distributed Objects, Components, and
                  Systems},
  pages =         {49-65},
  publisher =     {Springer},
  series =        {Lecture Notes in Computer Science},
  title =         {Actor- and Task-Selection Strategies for Pruning
                   Redundant State-Exploration in Testing},
  volume =        {8461},
  year =          {2014},
  biburl =        {http://dblp.dagstuhl.de/rec/bib/conf/forte/AlbertAG14},
  doi =           {10.1007/978-3-662-43613-4_4},
  isbn =          {978-3-662-43612-7},
  url =           {https://doi.org/10.1007/978-3-662-43613-4_4},
}

@proceedings{DBLP:conf/forte/2014,
  editor =        {Erika {\'{A}}brah{\'{a}}m and Catuscia Palamidessi},
  publisher =     {Springer},
  series =        {Lecture Notes in Computer Science},
  title =         {Formal Techniques for Distributed Objects,
                   Components, and Systems - 34th {IFIP} {WG} 6.1
                   International Conference, {FORTE} 2014, Held as Part
                   of the 9th International Federated Conference on
                   Distributed Computing Techniques, DisCoTec 2014,
                   Berlin, Germany, June 3-5, 2014. Proceedings},
  volume =        {8461},
  year =          {2014},
  biburl =        {http://dblp.dagstuhl.de/rec/bib/conf/forte/2014},
  doi =           {10.1007/978-3-662-43613-4},
  isbn =          {978-3-662-43612-7},
  url =           {https://doi.org/10.1007/978-3-662-43613-4},
}
